<?xml version="1.0" encoding="UTF-8"?><collection xmlns="http://www.loc.gov/MARC21/slim"><record><leader>00420nam--2200157-i-4500</leader><controlfield tag="001">000014290</controlfield><controlfield tag="002">20161230</controlfield><controlfield tag="005">20170304193733</controlfield><controlfield tag="008">060222s1000------------r-----000-0-eng-d</controlfield><datafield ind1=" " ind2=" " tag="100"><subfield code="a">David, Popovits</subfield></datafield><datafield ind1=" " ind2=" " tag="245"><subfield code="a">Bimetale obtinute prin placarea automata sub flux cu electrod banda</subfield></datafield><datafield ind1=" " ind2=" " tag="260"><subfield code="a">Timisoara</subfield><subfield code="b">Ed.Facla</subfield><subfield code="c">1982</subfield></datafield><datafield ind1=" " ind2=" " tag="300"><subfield code="a">295 p</subfield></datafield><datafield ind1=" " ind2=" " tag="700"><subfield code="a">Teofil, Subu</subfield></datafield><datafield ind1=" " ind2=" " tag="852"><subfield code="a">621.791</subfield></datafield><datafield ind1=" " ind2=" " tag="CAT"><subfield code="a">SYS</subfield><subfield code="c">20170304</subfield><subfield code="h">193733</subfield></datafield></record></collection>